<?xml version="1.0" encoding="UTF-8"?><collection xmlns="http://www.loc.gov/MARC21/slim"><record><leader>00512nam--2200193-i-4500</leader><controlfield tag="001">000002537</controlfield><controlfield tag="002">20161230</controlfield><controlfield tag="005">20161230201025</controlfield><controlfield tag="008">060222s1000------------r-----000-0-rum-d</controlfield><datafield ind1=" " ind2=" " tag="040"><subfield code="a">IFIN-HH</subfield></datafield><datafield ind1=" " ind2=" " tag="041"><subfield code="a">rum</subfield></datafield><datafield ind1=" " ind2=" " tag="080"><subfield code="a">532.12</subfield></datafield><datafield ind1="1" ind2=" " tag="100"><subfield code="a">Carafoli, Elie</subfield></datafield><datafield ind1="1" ind2="0" tag="245"><subfield code="a">Dinamica fluidelor compresibile</subfield><subfield code="c">Elie Carafoli, V.N. Constantinescu</subfield></datafield><datafield ind1=" " ind2=" " tag="260"><subfield code="a">Bucuresti, Editura Academiei R.S.R., 1984</subfield></datafield><datafield ind1=" " ind2=" " tag="300"><subfield code="a">887 P</subfield></datafield><datafield ind1="1" ind2=" " tag="700"><subfield code="a">Constantinescu, V.N</subfield></datafield><datafield ind1=" " ind2=" " tag="852"><subfield code="a">71899</subfield><subfield code="c">532</subfield></datafield><datafield ind1=" " ind2=" " tag="CAT"><subfield code="a">Sys</subfield><subfield code="c">20100723</subfield><subfield code="h">100749</subfield></datafield></record></collection>